<record><leader>00000cas a22000007a 4500</leader><controlfield tag="001">37015665</controlfield><controlfield tag="008">970604d19841986okucr n       0    0eng d</controlfield><datafield ind1=" " ind2=" " tag="010"><subfield code="a">sn 97064916 </subfield></datafield><datafield ind1=" " ind2=" " tag="040"><subfield code="a">OBN</subfield><subfield code="b">eng</subfield><subfield code="c">OBN</subfield><subfield code="d">OCLCQ</subfield></datafield><datafield ind1=" " ind2=" " tag="042"><subfield code="a">msc</subfield></datafield><datafield ind1="0" ind2="0" tag="245"><subfield code="a">Bartlesville constitution.</subfield></datafield><datafield ind1="3" ind2=" " tag="246"><subfield code="a">Bartlesville Saturday</subfield></datafield><datafield ind1="3" ind2=" " tag="246"><subfield code="a">Bartlesville constitution and the Bartlesville Saturday</subfield></datafield><datafield ind1=" " ind2=" " tag="260"><subfield code="a">Bartlesville, Okla. :</subfield><subfield code="b">Kenneth G. Adams</subfield></datafield><datafield ind1=" " ind2=" " tag="300"><subfield code="a">v.</subfield></datafield><datafield ind1=" " ind2=" " tag="310"><subfield code="a">Semiweekly</subfield></datafield><datafield ind1="1" ind2=" " tag="362"><subfield code="a">Vol. 1, no. 1 (Nov. 14, 1984)-v. 2, no. 33 (Mar. 8, 1986).</subfield></datafield><datafield ind1=" " ind2=" " tag="500"><subfield code="a">On Saturdays published as: Bartlesville Saturday.</subfield></datafield><datafield ind1="0" ind2="0" tag="780"><subfield code="t">Saturday (Bartlesville, Okla.)</subfield><subfield code="w">(DLC)sn 97064908</subfield><subfield code="w">(OCoLC)37015617</subfield></datafield><datafield ind1="0" ind2="0" tag="785"><subfield code="t">Constitution (Bartlesville, Okla.)</subfield><subfield code="w">(DLC)sn 97064917</subfield><subfield code="w">(OCoLC)37015694</subfield></datafield></record>